@inproceedings{Rector:2010,
 author = {Rector, Alan},
 title = {Knowledge Driven Software and "Fractal Tailoring": Ontologies in Development Environments for Clinical Systems},
 booktitle = {Proceedings of the 2010 Conference on Formal Ontology in Information Systems: Proceedings of the Sixth International Conference (FOIS 2010)},
 year = {2010},
 isbn = {978-1-60750-534-1},
 pages = {17--28},
 numpages = {12},
 url = {http://dl.acm.org/citation.cfm?id=1804715.1804720},
 acmid = {1804720},
 publisher = {IOS Press},
 address = {Amsterdam, The Netherlands, The Netherlands}
} 

@online{Mercury15,
  author = {Henderson, Fergus, et. al.},
  title = {The Mercury Language Reference Manual},
  howpublished = {\url{https://mercurylang.org/information/doc-release/reference_manual.pdf}},
  year = {2015},
  note = {Accessed: 2015-03-15}
}

@article{LaunchburyJ95,
  author    = {John Launchbury and
               Simon L. Peyton Jones},
  title     = {State in Haskell},
  journal   = {Lisp and Symbolic Computation},
  volume    = {8},
  number    = {4},
  pages     = {293--341},
  year      = {1995},
}

@article{PeytonJ2003,
  author    = {Peyton Jones, S.L. et al.},
  title     = {The Haskell 98 Language and Libraries: The Revised Report},
  journal   = {Journal of Functional Programming},
  volume    = {13},
  number    = {1},
  year      = {2003},
}

@misc{Plasmeijer1998,
  author = {Plasmeijer, R. and van Eekelen, M.: },
  title = {{ Concurrent Clean Language Report - version 1.3},
  howpublished = { Technical Report CSI-R9816, Computing Science Institute, University of Nijmegen },
  Year = {1998},
  note = {Accessed: 2015-03-15},
}

@inproceedings{WanH00,
  author    = {Zhanyong Wan and
               Paul Hudak},
  title     = {Functional reactive programming from first principles},
  booktitle = {Proceedings of the 2000 {ACM} {SIGPLAN} Conference on Programming Language Design and Implementation (PLDI), Vancouver, Britith Columbia,
               Canada, June 18-21, 2000},
  pages     = {242--252},
  year      = {2000},
  url       = {http://doi.acm.org/10.1145/349299.349331},
  doi       = {10.1145/349299.349331}
}

@inbook{JonesS2007,
    author = {Jones, Simon P.},
    booktitle = {Beautiful Code: Leading Programmers Explain How They Think (Theory in Practice (O'Reilly))},
    editor = {Oram, Andy and Wilson, Greg},
    isbn = {0596510047},
    publisher = {O'Reilly Media, Inc.},
    title = {{Beautiful Concurrency}},
    year = {2007}
}

@article{Agha90,
  author    = {Gul Agha},
  title     = {Concurrent Object-Oriented Programming},
  journal   = {Commun. {ACM}},
  volume    = {33},
  number    = {9},
  pages     = {125--141},
  year      = {1990},
  url       = {http://doi.acm.org/10.1145/83880.84528},
  doi       = {10.1145/83880.84528}
  }

@misc{Akka2015,
  title ={Akka 2.3.9 for Scala 2.10 and 2.11},
  howpublished = { \url{ http://akka.io/docs/ } },
  Year = {2015},
  note = {Accessed: 2015-03-15}
}

@misc{Prova2012,
 author = {Paschke, Adrian and Kozlenkov, Alexander},
  title ={Prova Rule Language Version 3.1 - User’s Guide },
  howpublished = { \url{https://prova.ws/index.html?page=documentation.php} },
  Year = {2012},
  note = {Accessed: 2015-03-15}
}

@inproceedings{JefferyKP09,
  author    = {Alexander Kozlenkov and
               David Jeffery and
               Adrian Paschke},
  title     = {State management and concurrency in event processing},
  booktitle = {Proceedings of the Third {ACM} International Conference on Distributed
               Event-Based Systems, {DEBS} 2009, Nashville, Tennessee, USA, July
               6-9, 2009},
  year      = {2009},
  url       = {http://doi.acm.org/10.1145/1619258.1619289},
  doi       = {10.1145/1619258.1619289}
}

@misc{Aleri2008,
  title ={Aleri FlexStreams },
  howpublished = { \url{http://www.aleri.com/files/FlexStream.pdf} },
  Year = {2008},
  note = {Accessed: 2008-03-15}
}

@misc{Oracle2008,
 title ={ Oracle {CEP}},
  howpublished = { \url{ http://docs.oracle.com/cd/E16764_01/doc.1111/e14476/overview.htm} },
  Year = {2008},
  note = {Accessed: 2008-03-15}
}

@INPROCEEDINGS{Wadler1992,
    author = {Philip Wadler},
    title = {Comprehending Monads},
    booktitle = {Mathematical Structures in Computer Science},
    year = {1992},
    pages = {61--78}
}

@misc{RDF2014,
  title = {{RDF} 1.1: Concepts and Abstract Syntax},
  howpublished = {\url{http://www.w3.org/TR/rdf11-concepts/} },
  Year = {2014},
  note = {Accessed: 2014-02-25}
  }

@misc{RDF2014b,
  title = {{RDF} 1.1: On Semantics of {RDF} Datasets},
  editor = {Zimmermann, Antoine},
  howpublished = {\url{http://www.w3.org/TR/rdf11-datasets/} },
  Year = {2014},
  note = {Accessed: 2014-02-25}
  }
  
  

@book{Mellor:2004:MD:983969,
 author = {Mellor, Stephen J. and Kendall, Scott and Uhl, Axel and Weise, Dirk},
 title = {MDA Distilled},
 year = {2004},
 isbn = {0201788918},
 publisher = {Addison Wesley Longman Publishing Co., Inc.},
 address = {Redwood City, CA, USA}  
} 

@misc{FRBR,
 author = "{IFLA Study Group on the Functional Requirements for Bibliographic Records}",
 title = {Functional requirements for bibliographic records : final report},
 address = {München: K.G. Saur},
 Year = {1998},
 series = {UBCIM publications; new series},
 volume = {19},
 isbn = {3-598-11382-X},
 howpublished = { \url{ http://www.ifla.org/publications/functional-requirements-for-bibliographic-records}},
 note = {Accessed:  2007-12-26}
 }

@misc{API4KB,
 author= "{Object Management Group ({OMG})}", 
 title = {{API4KB} Request For Proposal}, 
 series = {{OMG} Document: ad/2010-06-09},
 howpublished = {\url {http://www.omg.org/techprocess/meetings/schedule/API4KB.html}}
 }

@misc{OntoIOp,
 author= "{Object Management Group ({OMG})}", 
 title = {{OntoIOp} Request For Proposal}, 
 series = {{OMG} Document: ad/2013-12-02},
 howpublished = {\url {http://www.omg.org/cgi-bin/doc?ad/2013-12-02}}
 }
 
 
@inproceedings{Finin:1994:KAC:191246.191322,
 author = {Finin, Tim and Fritzson, Richard and McKay, Don and McEntire, Robin},
 title = {{KQML} As an Agent Communication Language},
 booktitle = {Proceedings of the Third International Conference on Information and Knowledge Management},
 series = {CIKM '94},
 year = {1994},
 isbn = {0-89791-674-3},
 location = {Gaithersburg, Maryland, USA},
 pages = {456--463},
 numpages = {8},
 url = {http://doi.acm.org/10.1145/191246.191322},
 doi = {10.1145/191246.191322},
 acmid = {191322},
 publisher = {ACM},
 address = {New York, NY, USA},
} 

@misc{FIPA-ACL,
author = "{Foundation for Intelligent Physical Agents}",
title = {Agent Communication Language Specifications},
howpublished={\url{http://www.fipa.org/repository/aclspecs.html}},
Year = {2002}

}


@article{moggi_notions_1991,
	title = {Notions of computation and monads},
	volume = {93},
	issn = {0890-5401},
	url = {http://www.sciencedirect.com/science/article/pii/0890540191900524},
	doi = {10.1016/0890-5401(91)90052-4},
	number = {1},
	journal = {Selections from 1989 IEEE Symposium on Logic in Computer Science},
	author = {Moggi, Eugenio},
	month = jul,
	year = {1991},
	pages = {55--92},
	file = {1-s2.0-0890540191900524-main.pdf:/Users/taraathan/Library/Application Support/Firefox/Profiles/dgxahz4i.default/zotero/storage/XXM6FJE3/1-s2.0-0890540191900524-main.pdf:application/pdf}
}

@book{MacLane1998,
    author = {Mac Lane, Saunders},
    howpublished = {Hardcover},
    publisher = {Springer},
    title = {{Categories for the Working Mathematician (Graduate Texts in Mathematics)}},
    year = {1998}
}

@article{Wong2000,
author = {Wong, Limsoon},
title = {Kleisli, a functional query system},
journal = {Journal of Functional Programming},
volume = {10},
issue = {01},
month = {1},
year = {2000},
issn = {1469-7653},
pages = {19--56},
numpages = {38},
doi = {null},
URL = {http://journals.cambridge.org/article_S0956796899003585},
}

@misc{DOL,
title= {The Distributed Ontology, Model, and Speci􏰄cation Language (DOL)},
howpublished={\url{https://github.com/tillmo/DOL/blob/master/Standard/ebnf-OMG_OntoIOp_current.pdf}}
%[DOL] 
%\url{ http://arxiv.org/abs/1204.5093 }

@misc{XMPP,
  title={Extensible Messaging and Presence Protocol ({XMPP}): Core},
  howpublished={\url{http://xmpp.org/rfcs/rfc3920.html}}
}

@misc{FJ,
title = "{Functional Java}",
howpublished = {\url{http://www.functionaljava.org/}}
}

@article{Paschke13r,
  author    = {Adrian Paschke},
  title     = {{OntoMaven: Maven-based Ontology Development and Management of Distributed Ontology Repositories}},
  journal   = {CoRR},
  volume    = {abs/1309.7341},
  year      = {2013},
  url       = {http://arxiv.org/abs/1309.7341}
}

@inproceedings{PaschkeVS11,
  author    = {Adrian Paschke and
               Paul Vincent and
               Florian Springer},
  title     = {{Standards for Complex Event Processing and Reaction Rules}},
  booktitle = {Rule-Based Modeling and Computing on the Semantic Web, 5th International Symposium, RuleML 2011- America, Ft. Lauderdale, FL, Florida, USA,
               November 3-5, 2011. Proceedings},
  pages     = {128--139},
  year      = {2011},
  url       = {http://dx.doi.org/10.1007/978-3-642-24908-2_17},
  doi       = {10.1007/978-3-642-24908-2_17}
}

@inproceedings{PaschkeBKC07,
  author    = {Adrian Paschke and
               Harold Boley and
               Alexander Kozlenkov and
               Benjamin Larry Craig},
  title     = {{Rule responder: RuleML-based agents for distributed collaboration
               on the pragmatic web}},
  booktitle = {Proceedings of the 2nd International Conference on Pragmatic Web,
               {ICPW} 2007, Tilburg, The Netherlands, October 22-23, 2007},
  pages     = {17--28},
  year      = {2007},
  url       = {http://doi.acm.org/10.1145/1324237.1324240},
  doi       = {10.1145/1324237.1324240}
}

@article{Rosemann2002,
 author = {Rosemann, M. and Green, P.},
 title = {{Developing a Meta Model for the Bunge-Wand-Weber Ontological Constructs}},
 journal = {Inf. Syst.},
 issue_date = {April 2002},
 volume = {27},
 number = {2},
 month = apr,
 year = {2002},
 issn = {0306-4379},
 pages = {75--91},
 numpages = {17},
 url = {http://dx.doi.org/10.1016/S0306-4379(01)00048-5},
 doi = {10.1016/S0306-4379(01)00048-5},
 acmid = {603474},
 publisher = {Elsevier Science Ltd.},
 address = {Oxford, UK, UK},
 keywords = {Bunge-Wand-Weber, conceptual modelling, meta model, ontological constructs, ontology},
}


@misc{nlabFreeMonad,
	title = {free monad in {nLab}},
	url = {http://ncatlab.org/nlab/show/free+monad},
	urldate = {2015-05-12},
	file = {free monad in nLab:/Users/taraathan/Library/Application Support/Firefox/Profiles/dgxahz4i.default/zotero/storage/NCMSWXKS/free+monad.html:application/xhtml+xml}
}


@inproceedings{meijer_functional_1991,
	title = {Functional {Programming} with {Bananas}, {Lenses}, {Envelopes} and {Barbed} {Wire}},
	publisher = {Springer-Verlag},
	author = {Meijer, Erik and Fokkinga, Maarten and Paterson, Ross},
	year = {1991},
	pages = {124--144},
	file = {db-utwente-40501F46.pdf:/Users/taraathan/Library/Application Support/Firefox/Profiles/dgxahz4i.default/zotero/storage/UVDBM3BI/db-utwente-40501F46.pdf:application/pdf}
}